<record><leader>00000cas a2200000 a 4500</leader><controlfield tag="001">11957127</controlfield><controlfield tag="008">850424d19091909ksuwr ne      0    0eng d</controlfield><datafield ind1=" " ind2=" " tag="010"><subfield code="a">sn 85031188 </subfield></datafield><datafield ind1=" " ind2=" " tag="040"><subfield code="a">KSH</subfield><subfield code="b">eng</subfield><subfield code="c">KSH</subfield><subfield code="d">NPT</subfield><subfield code="d">OCL</subfield><subfield code="d">OCLCQ</subfield></datafield><datafield ind1=" " ind2=" " tag="042"><subfield code="a">msc</subfield></datafield><datafield ind1="0" ind2=" " tag="130"><subfield code="a">Weekly review (Frankfort, Kan. : 1909)</subfield></datafield><datafield ind1="1" ind2="4" tag="245"><subfield code="a">The weekly review.</subfield></datafield><datafield ind1=" " ind2=" " tag="260"><subfield code="a">Frankfort, Kan. :</subfield><subfield code="b">A.P. Gregory,</subfield><subfield code="c">1909-</subfield></datafield><datafield ind1=" " ind2=" " tag="300"><subfield code="a">v. :</subfield><subfield code="b">ill. ;</subfield><subfield code="c">60 cm.</subfield></datafield><datafield ind1=" " ind2=" " tag="310"><subfield code="a">Weekly</subfield></datafield><datafield ind1="0" ind2=" " tag="362"><subfield code="a">18th year, no. 1 (June 11, 1909)-</subfield></datafield><datafield ind1="1" ind2=" " tag="362"><subfield code="a">Ceased with Nov. 12, 1909 issue?</subfield></datafield><datafield ind1=" " ind2=" " tag="500"><subfield code="a">Published by J.W. Mahaffey, Sept. 10-Nov. 12, 1909.</subfield></datafield><datafield ind1=" " ind2=" " tag="500"><subfield code="a">"Republican."</subfield></datafield><datafield ind1=" " ind2=" " tag="752"><subfield code="a">United States</subfield><subfield code="b">Kansas</subfield><subfield code="c">Marshall</subfield><subfield code="d">Frankfort.</subfield></datafield><datafield ind1="0" ind2="0" tag="780"><subfield code="t">Semi-weekly review (Frankfort, Kan.)</subfield><subfield code="w">(DLC)sn 85031187</subfield></datafield><datafield ind1="0" ind2="0" tag="785"><subfield code="t">Frankfort review</subfield><subfield code="w">(DLC)sn 85031189</subfield></datafield></record>